@book{book_key,
	address = {City},
	publisher = {Publisher},
	author = {Smith, John},
	title = {Book title},
	year = {2012},
	volume = {3},
	series = {2},
	edition = {1},
	pages = {123--200},
	month = {January}
}

@article{article_key,
	address = {City},
	publisher = {Publisher},
	author = {Smith, James},
	title = {Article title},
	year = {2013},
	volume = {14},
	number = {6},
	pages = {1--8},
	month = {March}
}

@book{Nisan15,
	author = {Noam Nisan and Shimon Schocken},
	title = {The Elements of Computing Systems},
	year = {2015},
    publisher={MIT Press},
    url={http://nand2tetris.org/}
}

@book{MontoliuCodInfo15,
	author = {R. Montoliu and J. Torres-Sospedra},
	title = {Introducción a la informática. Codificación de la información},
	year = {2015},
    url={http://giant.uji.es/montoliu/docs/books/LibroMOOCCodInfo.pdf}
}

@book{Floyd06,
	author    = {Thomas L. Floyd},
	title     = {Fundamentos de Sistemas Digitales},
	year      = {2006},
    publisher = {Pearson Prentice Hall}
}

@book{Patterson11,
	author    = {David A. Patterson and John L. Hennessy},
	title     = {Estructura y Diseño de Computadores},
	year      = {2011},
    publisher = {Editorial Reverter},
    edition = {4th}
}

@book{Barrachina17,
	author    = {Sergio Barrachina Mir and Maribel Castillo Catalán and Germán Fabregat Llueca and Juan Carlos Fernández Fernández and Germán León Navarro and José Vicente Martí Avilés and Rafael Mayo Gual and Raúl Montoliu Colás},
	title     = {Introducción a la arquitectura de computadores con QtARMSim y Arduino},
	year      = {2017},
    url={http://lorca.act.uji.es/libro/introARM/introARM_ebook_2017.pdf}
}
